@CONFERENCE{Xu05,
  author =       {Rui Xu and Donald Wunsch II},
  title =        {Survey of  Clustering Algorithms},
  year =         {2005},
  organization = {IEEE Transactions on Neural Networks},
}
@CONFERENCE{
  title =        {GeoTools.org}
  organization = {GeoTools}
}
@CONFERENCE{JTLB,
  author =       {Anil K.Jain, Alexander Topchy,Martin H.C.Law and Joachim M.Buhmann},
  title =        {Landscape of Clustering Algorithms},
  organization = {International Conference on Pattern Recognition}
  year = {2004}

@CONFERENCE{Sten,
  author =       {Michael Steinbach,George Karypis,Vipin Kumar},
  title =        {A Comparison of Document Clustering Techniques},
  organization = {University of Minnesota},
}
@BOOK{HK,
  AUTHOR =       {J.Hann,M.Kamber},
    TITLE =        {Data Mining-Concepts and Techniques},
  PUBLISHER =    {Elseveir Publications},
}
@BOOK{GKG,
  AUTHOR =       {G.K.Gupta},
    TITLE =        {Introduction to Data Mining with Case Studies},
}
